<record><leader>00000cas a2200000 a 4500</leader><controlfield tag="001">27346530</controlfield><controlfield tag="008">930129d18791915iluwr ne      0   a0eng c</controlfield><datafield ind1=" " ind2=" " tag="010"><subfield code="a">sn 93055488 </subfield></datafield><datafield ind1=" " ind2=" " tag="040"><subfield code="a">NVF</subfield><subfield code="b">eng</subfield><subfield code="c">NVF</subfield><subfield code="d">OCLCQ</subfield><subfield code="d">NVF</subfield><subfield code="d">OCLCQ</subfield><subfield code="d">OCLCF</subfield><subfield code="d">NVF</subfield><subfield code="d">OCLCO</subfield></datafield><datafield ind1="1" ind2=" " tag="029"><subfield code="a">AU@</subfield><subfield code="b">000020739322</subfield></datafield><datafield ind1=" " ind2=" " tag="042"><subfield code="a">pcc</subfield></datafield><datafield ind1=" " ind2=" " tag="043"><subfield code="a">n-us-il</subfield></datafield><datafield ind1="0" ind2="0" tag="245"><subfield code="a">Galva weekly news.</subfield></datafield><datafield ind1="1" ind2=" " tag="246"><subfield code="i">Published as:</subfield><subfield code="a">Galva semi-weekly news</subfield><subfield code="f">Mar. 20-&lt;Aug. 21, 1880&gt;</subfield></datafield><datafield ind1="3" ind2=" " tag="246"><subfield code="a">Galva semiweekly news</subfield></datafield><datafield ind1=" " ind2=" " tag="260"><subfield code="a">Galva, Ill. :</subfield><subfield code="b">Beall Bros. Publishers,</subfield><subfield code="c">1879-1915.</subfield></datafield><datafield ind1=" " ind2=" " tag="300"><subfield code="a">v.</subfield></datafield><datafield ind1=" " ind2=" " tag="310"><subfield code="a">Weekly,</subfield><subfield code="b">&lt;Sept. 15, 1880&gt;-Nov. 4, 1915</subfield></datafield><datafield ind1=" " ind2=" " tag="321"><subfield code="a">Weekly,</subfield><subfield code="b">Oct. 18, 1879-Mar. 13, 1880</subfield></datafield><datafield ind1=" " ind2=" " tag="321"><subfield code="a">Semiweekly,</subfield><subfield code="b">Mar. 20-&lt;Aug. 21, 1880&gt;</subfield></datafield><datafield ind1="0" ind2=" " tag="362"><subfield code="a">Vol. 1, no. 1 (Oct. 18, 1879)-v. 39, no. 10 (Nov. 4, 1915).</subfield></datafield><datafield ind1=" " ind2="0" tag="651"><subfield code="a">Galva (Ill.)</subfield><subfield code="v">Newspapers.</subfield></datafield><datafield ind1=" " ind2="7" tag="651"><subfield code="a">Illinois</subfield><subfield code="z">Galva.</subfield><subfield code="2">fast</subfield><subfield code="0">(OCoLC)fst01256511</subfield></datafield><datafield ind1=" " ind2="7" tag="655"><subfield code="a">Newspapers.</subfield><subfield code="2">fast</subfield><subfield code="0">(OCoLC)fst01423814</subfield></datafield><datafield ind1=" " ind2=" " tag="752"><subfield code="a">United States</subfield><subfield code="b">Illinois</subfield><subfield code="c">Henry</subfield><subfield code="d">Galva.</subfield></datafield><datafield ind1="0" ind2="5" tag="780"><subfield code="t">Woodhull enterprise</subfield></datafield><datafield ind1="0" ind2="4" tag="785"><subfield code="t">Galva standard</subfield><subfield code="w">(DLC)sn 93055487</subfield><subfield code="w">(OCoLC)27346437</subfield></datafield></record>